@online{rpiwebsite,
	author	  = "1",
    title     = "Raspberry Pi sluzbene stranice",
    url       = "https://www.raspberrypi.org/",
    keywords  = "rpi,raspberry,pi"
}

@online{lis3dh,
	author	  = "2",
    title     = "LIS3DH vodič",
    url       = "https://learn.adafruit.com/adafruit-lis3dh-triple-axis-accelerometer-breakout/downloads?view=all",
    keywords  = "lis3dh,adafruit,akcelerometar"
}

@online{max4466,
	author	  = "3",
    title     = "MAX4466 vodič",
    url       = "https://www.adafruit.com/product/1063",
    keywords  = "max4466,adafruit,mikrofon,elektret"
}

@online{i2c,
	author	  = "4",
    title     = "I2C i Python",
    url       = "http://www.instructables.com/id/Raspberry-Pi-I2C-Python/",
    keywords  = "i2c,rpi,python"
}